%% This BibTeX bibliography file was created using BibDesk.
%% http://bibdesk.sourceforge.net/


%% Created for Leonardo Cavagnis at 2015-10-13 21:18:49 +0200 


%% Saved with string encoding Unicode (UTF-8) 



@book{foo,
	Date-Added = {2015-10-13 19:13:36 +0000},
	Date-Modified = {2015-10-13 19:14:02 +0000},
	Publisher = {Publisher},
	Read = {0},
	Title = {Title},
	Year = {2015}}
